@phdthesis{thesis,
  author = "Espig, Martin",
  title = "Development, construction and characterization of a variable repetitive spin-polarized electron gun with an inverted-geometry insulator",
  school = "Technische Universit√§t Darmstadt",
  year = "2016",
}
