@phdthesis{espig,
   author = "Espig, Martin",
   school = "Technische Universität Darmstadt",
   title  = "Development, construction and characterization of a variable repetitive spin-polarized electron gun with an inverted-geometry insulator",
   year   = "2016",
}

@phdthesis{wagner,
   author = "Wagner, Markus",
   school = "Technische Universität Darmstadt",
   title  = "Production and investigation of pulsed electron beams at the S-DALINAC",
   year   = "2013",
}

@mastersthesis{wende,
   author = "Wende, Vincent",
   school = "Technische Universität Darmstadt",
   title  = "Simulations for investigation and improvements on a spinpolarized electron source with inverted-geometry insulator for the S-DALINAC",
   year   = "2017",
}

